@MASTERSTHESIS{chafei2009,
  YEAR    = 2009,
  AUTHOR  = "A. Chafei",
  SCHOOL  = "Université de Sherbrooke",
  ADDRESS = "Sherbrooke, Québec, Canada",
  PAGES   = 144,
  TITLE   = "L'utilisation de systémes intelligents r pour l'instrumentation des structures en génie civil",
}

@TECHREPORT{kernighan1991,
  YEAR        = 1991,
  AUTHOR      = "B. W. Kernighan",
  INSTITUTION = "AT\&T Bell Laboratories",
  ADDRESS     = "Murray Hill, NJ, USA",
  NUMBER      = "116",
  PAGES       = 25,
  TITLE       = "{PIC} -- A Graphics Language for Typesetting, User Manual",
  TYPE        = "Computer Science Technical Report",
}

@INCOLLECTION{meriam2010-dist,
  YEAR      = 2010,
  AUTHOR    = "J. L. Meriam and L. G. Kraige",
  EDITION   = 6,
  ADDRESS   = "Hoboken, NJ, USA",
  PUBLISHER = "John Wiley \& Sons, Inc.",
  PAGES     = "235--337",
  BOOKTITLE = "Engineering mechanics",
  TITLE     = "Distributed forces",
  VOLUME    = 1,
}

@BOOK{russell2003,
  YEAR      = 2003,
  AUTHOR    = "S. J. Russell and P. Norvig",
  EDITION   = 2,
  PUBLISHER = "Prentice Hall",
  PAGES     = 1080,
  TITLE     = "Artificial Intelligence: A Modern Approach",
}

@WEBDOCUMENT{statscanada2008,
  YEAR        = 2008,
  AUTHOR      = "{Statistique Canada}",
  LASTCHECKED = "8 " # mar # " 2010",
  EDITOR      = "{Statistique Canada}",
  TITLE       = "Recensement de l'agriculture de 1996",
  SITETITLE   = "Recensement de 1996",
  URL         = "http://www.statcan.gc.ca/ca-ra/agri-fra.htm",
}

@WEBPAGE{udes2009,
  AUTHOR      = "{Université de Sherbrooke}",
  LASTCHECKED = "5 " # feb # " 2009",
  SITETITLE   = "Faculté de génie - Université de Sherbrooke",
  URL         = "http://www.usherbrooke.ca/genie",
}

@ARTICLE{vasu2009,
  YEAR    = 2009,
  AUTHOR  = "V. Vasu and K. R. Krishna and A. C. S. Kumar",
  NUMBER  = "1-2",
  PAGES   = "158--171",
  TITLE   = "Heat transfer with nanofluids for electronic cooling",
  JOURNAL = "International Journal of Materials \& Product Technology",
  VOLUME  = 34,
}

@INPROCEEDINGS{yeung2006,
  YEAR         = 2006,
  AUTHOR       = "D. Yeung and J. Lowrance",
  SERIES       = "Lecture Notes in Computer Science",
  EDITOR       = "S. Mehrotra and D. D. Zeng and H. Chen and B. Thuraisingham and F.-Y. Wang",
  ADDRESS      = "Berlin, Germany",
  PUBLISHER    = "Springer",
  ORGANIZATION = "IEEE",
  PAGES        = "1--13",
  BOOKTITLE    = "Proceedings of the IEEE International Conference on Intelligence and Security Informatics",
  TITLE        = "Computer-Mediated Collaborative Reasoning and Intelligence Analysis",
  VOLUME       = 3975,
}
